<record><leader>00000cas a2200000 a 4500</leader><controlfield tag="001">20065147</controlfield><controlfield tag="008">890725u189uuuuutnudr ne      0    0eng d</controlfield><datafield ind1=" " ind2=" " tag="010"><subfield code="a">sn 89058438 </subfield></datafield><datafield ind1=" " ind2=" " tag="040"><subfield code="a">KNP</subfield><subfield code="b">eng</subfield><subfield code="c">KNP</subfield><subfield code="d">OCL</subfield><subfield code="d">OCLCQ</subfield></datafield><datafield ind1=" " ind2=" " tag="042"><subfield code="a">msc</subfield></datafield><datafield ind1="0" ind2="0" tag="245"><subfield code="a">Trenton fair daily.</subfield></datafield><datafield ind1=" " ind2=" " tag="260"><subfield code="a">Trenton, Tenn. :</subfield><subfield code="b">[s.n.]</subfield></datafield><datafield ind1=" " ind2=" " tag="300"><subfield code="a">v. :</subfield><subfield code="b">ill.</subfield></datafield><datafield ind1=" " ind2=" " tag="310"><subfield code="a">Daily</subfield></datafield><datafield ind1=" " ind2=" " tag="588"><subfield code="a">Description based on: Vol. 2, no. 1 (Oct. 11, 1892).</subfield></datafield><datafield ind1=" " ind2="4" tag="651"><subfield code="a">Trenton (Tenn.)</subfield><subfield code="v">Newspapers.</subfield></datafield><datafield ind1=" " ind2="4" tag="651"><subfield code="a">Gibson County (Tenn.)</subfield><subfield code="v">Newspapers.</subfield></datafield><datafield ind1=" " ind2=" " tag="752"><subfield code="a">United States</subfield><subfield code="b">Tennessee</subfield><subfield code="c">Gibson</subfield><subfield code="d">Trenton.</subfield></datafield><datafield ind1="0" ind2="0" tag="780"><subfield code="t">Fair daily (Trenton, Tenn.)</subfield><subfield code="w">(DLC)sn 89058437</subfield></datafield><datafield ind1="1" ind2=" " tag="029"><subfield code="a">AU@</subfield><subfield code="b">000020556188</subfield></datafield></record>